@book{davenport-hines_universal_2015,
  author = {Davenport-Hines, R. P. T.},
  title = {Universal Man: The Lives of John Maynard Keynes},
  date = {2015},
  location = {New York},
  publisher = {Basic Books},
  issn = {1573-6687},
  doi = {10.1007/s11109-010-9122-0},
  pagetotal = {418}
}
